%YAML 1.1
%TAG !u! tag:unity3d.com,2011:
--- !u!1 &8122736830349180847
GameObject:
  m_ObjectHideFlags: 0
  m_CorrespondingSourceObject: {fileID: 0}
  m_PrefabInstance: {fileID: 0}
  m_PrefabAsset: {fileID: 0}
  serializedVersion: 6
  m_Component:
  - component: {fileID: 8122736830349180832}
  - component: {fileID: 695011177}
  m_Layer: 0
  m_Name: Murcielago_1
  m_TagString: Untagged
  m_Icon: {fileID: 0}
  m_NavMeshLayer: 0
  m_StaticEditorFlags: 0
  m_IsActive: 1
--- !u!4 &8122736830349180832
Transform:
  m_ObjectHideFlags: 0
  m_CorrespondingSourceObject: {fileID: 0}
  m_PrefabInstance: {fileID: 0}
  m_PrefabAsset: {fileID: 0}
  m_GameObject: {fileID: 8122736830349180847}
  m_LocalRotation: {x: 0, y: 0, z: 0, w: 1}
  m_LocalPosition: {x: 4, y: 0.2, z: -6}
  m_LocalScale: {x: 1, y: 1, z: 1}
  m_Children:
  - {fileID: 8122736830364998509}
  m_Father: {fileID: 0}
  m_RootOrder: 0
  m_LocalEulerAnglesHint: {x: 0, y: 0, z: 0}
--- !u!114 &695011177
MonoBehaviour:
  m_ObjectHideFlags: 0
  m_CorrespondingSourceObject: {fileID: 0}
  m_PrefabInstance: {fileID: 0}
  m_PrefabAsset: {fileID: 0}
  m_GameObject: {fileID: 8122736830349180847}
  m_Enabled: 1
  m_EditorHideFlags: 0
  m_Script: {fileID: 11500000, guid: 9239223184f3a4542884cb8b74f65227, type: 3}
  m_Name: 
  m_EditorClassIdentifier: 
  cargaViral: 3
--- !u!1 &8122736830364998508
GameObject:
  m_ObjectHideFlags: 0
  m_CorrespondingSourceObject: {fileID: 0}
  m_PrefabInstance: {fileID: 0}
  m_PrefabAsset: {fileID: 0}
  serializedVersion: 6
  m_Component:
  - component: {fileID: 8122736830364998509}
  - component: {fileID: 8122736830364998510}
  m_Layer: 0
  m_Name: Animator
  m_TagString: Untagged
  m_Icon: {fileID: 0}
  m_NavMeshLayer: 0
  m_StaticEditorFlags: 0
  m_IsActive: 1
--- !u!4 &8122736830364998509
Transform:
  m_ObjectHideFlags: 0
  m_CorrespondingSourceObject: {fileID: 0}
  m_PrefabInstance: {fileID: 0}
  m_PrefabAsset: {fileID: 0}
  m_GameObject: {fileID: 8122736830364998508}
  m_LocalRotation: {x: -0, y: -0, z: -0, w: 1}
  m_LocalPosition: {x: 0, y: 0, z: 0}
  m_LocalScale: {x: 1, y: 1, z: 1}
  m_Children:
  - {fileID: 7559905333475830331}
  - {fileID: 2066926093997951965}
  m_Father: {fileID: 8122736830349180832}
  m_RootOrder: 0
  m_LocalEulerAnglesHint: {x: 0, y: 0, z: 0}
--- !u!95 &8122736830364998510
Animator:
  serializedVersion: 3
  m_ObjectHideFlags: 0
  m_CorrespondingSourceObject: {fileID: 0}
  m_PrefabInstance: {fileID: 0}
  m_PrefabAsset: {fileID: 0}
  m_GameObject: {fileID: 8122736830364998508}
  m_Enabled: 1
  m_Avatar: {fileID: 0}
  m_Controller: {fileID: 9100000, guid: 891059028a97c084a9ce88bb16c91386, type: 2}
  m_CullingMode: 0
  m_UpdateMode: 0
  m_ApplyRootMotion: 0
  m_LinearVelocityBlending: 0
  m_WarningMessage: 
  m_HasTransformHierarchy: 1
  m_AllowConstantClipSamplingOptimization: 1
  m_KeepAnimatorControllerStateOnDisable: 0
--- !u!1001 &2617220740475739109
PrefabInstance:
  m_ObjectHideFlags: 0
  serializedVersion: 2
  m_Modification:
    m_TransformParent: {fileID: 8122736830364998509}
    m_Modifications:
    - target: {fileID: 4106454040180461624, guid: 9b35a6256081d1e4788695b065a86804,
        type: 3}
      propertyPath: m_LocalPosition.x
      value: 0
      objectReference: {fileID: 0}
    - target: {fileID: 4106454040180461624, guid: 9b35a6256081d1e4788695b065a86804,
        type: 3}
      propertyPath: m_LocalPosition.y
      value: 0
      objectReference: {fileID: 0}
    - target: {fileID: 4106454040180461624, guid: 9b35a6256081d1e4788695b065a86804,
        type: 3}
      propertyPath: m_LocalPosition.z
      value: 0
      objectReference: {fileID: 0}
    - target: {fileID: 4106454040180461624, guid: 9b35a6256081d1e4788695b065a86804,
        type: 3}
      propertyPath: m_LocalRotation.x
      value: 0
      objectReference: {fileID: 0}
    - target: {fileID: 4106454040180461624, guid: 9b35a6256081d1e4788695b065a86804,
        type: 3}
      propertyPath: m_LocalRotation.y
      value: 0
      objectReference: {fileID: 0}
    - target: {fileID: 4106454040180461624, guid: 9b35a6256081d1e4788695b065a86804,
        type: 3}
      propertyPath: m_LocalRotation.z
      value: 0
      objectReference: {fileID: 0}
    - target: {fileID: 4106454040180461624, guid: 9b35a6256081d1e4788695b065a86804,
        type: 3}
      propertyPath: m_LocalRotation.w
      value: 1
      objectReference: {fileID: 0}
    - target: {fileID: 4106454040180461624, guid: 9b35a6256081d1e4788695b065a86804,
        type: 3}
      propertyPath: m_RootOrder
      value: 1
      objectReference: {fileID: 0}
    - target: {fileID: 4106454040180461624, guid: 9b35a6256081d1e4788695b065a86804,
        type: 3}
      propertyPath: m_LocalEulerAnglesHint.x
      value: 0
      objectReference: {fileID: 0}
    - target: {fileID: 4106454040180461624, guid: 9b35a6256081d1e4788695b065a86804,
        type: 3}
      propertyPath: m_LocalEulerAnglesHint.y
      value: 0
      objectReference: {fileID: 0}
    - target: {fileID: 4106454040180461624, guid: 9b35a6256081d1e4788695b065a86804,
        type: 3}
      propertyPath: m_LocalEulerAnglesHint.z
      value: 0
      objectReference: {fileID: 0}
    - target: {fileID: 4544861880767694629, guid: 9b35a6256081d1e4788695b065a86804,
        type: 3}
      propertyPath: m_Name
      value: AnimaSano_Sprite
      objectReference: {fileID: 0}
    m_RemovedComponents: []
  m_SourcePrefab: {fileID: 100100000, guid: 9b35a6256081d1e4788695b065a86804, type: 3}
--- !u!4 &2066926093997951965 stripped
Transform:
  m_CorrespondingSourceObject: {fileID: 4106454040180461624, guid: 9b35a6256081d1e4788695b065a86804,
    type: 3}
  m_PrefabInstance: {fileID: 2617220740475739109}
  m_PrefabAsset: {fileID: 0}
--- !u!1001 &9105734567455292597
PrefabInstance:
  m_ObjectHideFlags: 0
  serializedVersion: 2
  m_Modification:
    m_TransformParent: {fileID: 8122736830364998509}
    m_Modifications:
    - target: {fileID: 1398693277625812468, guid: ce549d5f16efaad4d8977554216c51b4,
        type: 3}
      propertyPath: m_Name
      value: AnimaMalo_Sprite
      objectReference: {fileID: 0}
    - target: {fileID: 1635999087398655630, guid: ce549d5f16efaad4d8977554216c51b4,
        type: 3}
      propertyPath: m_LocalPosition.x
      value: 0
      objectReference: {fileID: 0}
    - target: {fileID: 1635999087398655630, guid: ce549d5f16efaad4d8977554216c51b4,
        type: 3}
      propertyPath: m_LocalPosition.y
      value: 0
      objectReference: {fileID: 0}
    - target: {fileID: 1635999087398655630, guid: ce549d5f16efaad4d8977554216c51b4,
        type: 3}
      propertyPath: m_LocalPosition.z
      value: 0
      objectReference: {fileID: 0}
    - target: {fileID: 1635999087398655630, guid: ce549d5f16efaad4d8977554216c51b4,
        type: 3}
      propertyPath: m_LocalRotation.x
      value: 0
      objectReference: {fileID: 0}
    - target: {fileID: 1635999087398655630, guid: ce549d5f16efaad4d8977554216c51b4,
        type: 3}
      propertyPath: m_LocalRotation.y
      value: 0
      objectReference: {fileID: 0}
    - target: {fileID: 1635999087398655630, guid: ce549d5f16efaad4d8977554216c51b4,
        type: 3}
      propertyPath: m_LocalRotation.z
      value: 0
      objectReference: {fileID: 0}
    - target: {fileID: 1635999087398655630, guid: ce549d5f16efaad4d8977554216c51b4,
        type: 3}
      propertyPath: m_LocalRotation.w
      value: 1
      objectReference: {fileID: 0}
    - target: {fileID: 1635999087398655630, guid: ce549d5f16efaad4d8977554216c51b4,
        type: 3}
      propertyPath: m_RootOrder
      value: 0
      objectReference: {fileID: 0}
    - target: {fileID: 1635999087398655630, guid: ce549d5f16efaad4d8977554216c51b4,
        type: 3}
      propertyPath: m_LocalEulerAnglesHint.x
      value: 0
      objectReference: {fileID: 0}
    - target: {fileID: 1635999087398655630, guid: ce549d5f16efaad4d8977554216c51b4,
        type: 3}
      propertyPath: m_LocalEulerAnglesHint.y
      value: 0
      objectReference: {fileID: 0}
    - target: {fileID: 1635999087398655630, guid: ce549d5f16efaad4d8977554216c51b4,
        type: 3}
      propertyPath: m_LocalEulerAnglesHint.z
      value: 0
      objectReference: {fileID: 0}
    m_RemovedComponents: []
  m_SourcePrefab: {fileID: 100100000, guid: ce549d5f16efaad4d8977554216c51b4, type: 3}
--- !u!4 &7559905333475830331 stripped
Transform:
  m_CorrespondingSourceObject: {fileID: 1635999087398655630, guid: ce549d5f16efaad4d8977554216c51b4,
    type: 3}
  m_PrefabInstance: {fileID: 9105734567455292597}
  m_PrefabAsset: {fileID: 0}
